<record xmlns="http://www.loc.gov/MARC21/slim" xmlns:xsi="http://www.w3.org/2001/XMLSchema-instance" xsi:schemaLocation="http://www.loc.gov/MARC21/slim http://www.loc.gov/standards/marcxml/schema/MARC21slim.xsd"><leader>00037nz   2200037n  4500</leader><controlfield tag="001">DNB|102390630</controlfield><controlfield tag="003">DNB</controlfield><controlfield tag="005">20080405190810.0</controlfield><controlfield tag="008">930416n||aznnnabbn           | aaa    |c</controlfield><datafield ind1=" " ind2=" " tag="035"><subfield code="a">(DE-101)102390630</subfield></datafield><datafield ind1=" " ind2=" " tag="035"><subfield code="a">(DE-588a)102390630</subfield></datafield><datafield ind1=" " ind2=" " tag="040"><subfield code="a">DE-12</subfield><subfield code="b">ger</subfield><subfield code="c">DE-101</subfield><subfield code="e">rakwb</subfield><subfield code="d">9999</subfield></datafield><datafield ind1=" " ind2=" " tag="079"><subfield code="a">p</subfield><subfield code="q">f</subfield><subfield code="q">p</subfield><subfield code="t">12-PAN</subfield></datafield><datafield ind1="0" ind2=" " tag="100"><subfield code="a">Diocles</subfield><subfield code="c">Comicus</subfield><subfield code="d">5. Jh. v. Chr.</subfield></datafield><datafield ind1="0" ind2=" " tag="400"><subfield code="a">Diokles</subfield><subfield code="c">Dichter der Alten Komödie</subfield><subfield code="d">5. Jh. v. Chr.</subfield></datafield><datafield ind1="0" ind2=" " tag="400"><subfield code="a">Diokles</subfield><subfield code="c">von Athen</subfield><subfield code="d">5. Jh. v. Chr.</subfield></datafield><datafield ind1="0" ind2=" " tag="400"><subfield code="a">Diokles</subfield><subfield code="c">von Phleius</subfield><subfield code="d">5. Jh. v. Chr.</subfield></datafield><datafield ind1="0" ind2=" " tag="400"><subfield code="a">Diokles</subfield><subfield code="c">Lustspieldichter</subfield><subfield code="d">5. Jh. v. Chr.</subfield></datafield><datafield ind1=" " ind2=" " tag="549"><subfield code="w">i</subfield><subfield code="i">Lebensdaten</subfield><subfield code="a">5. Jh. v. Chr.</subfield></datafield><datafield ind1=" " ind2=" " tag="996"><subfield code="2">LC|no2007050914</subfield></datafield><datafield ind1=" " ind2=" " tag="996"><subfield code="2">PICA|06990605X</subfield></datafield><datafield ind1=" " ind2=" " tag="996"><subfield code="2">BNF|12000518</subfield></datafield><datafield ind1=" " ind2=" " tag="996"><subfield code="2">PICA|069905932</subfield></datafield><datafield ind1=" " ind2=" " tag="996"><subfield code="2">LC|n  84804676</subfield></datafield><datafield ind1=" " ind2=" " tag="996"><subfield code="2">PICA|074132318</subfield></datafield><datafield ind1=" " ind2=" " tag="996"><subfield code="2">PICA|069906017</subfield></datafield><datafield ind1=" " ind2=" " tag="996"><subfield code="2">PICA|069905940</subfield></datafield><datafield ind1=" " ind2=" " tag="996"><subfield code="2">LC|no2007049624</subfield></datafield><datafield ind1=" " ind2=" " tag="996"><subfield code="2">J9Ulat|000039702</subfield></datafield><datafield ind1=" " ind2=" " tag="996"><subfield code="2">J9Ulat|000039703</subfield></datafield><datafield ind1=" " ind2=" " tag="996"><subfield code="2">BNF|13326753</subfield></datafield><datafield ind1=" " ind2=" " tag="997"><subfield code="a">0 0 lived</subfield><subfield code="9">1</subfield></datafield></record>